@Misc{llvm-man,
    title = {LLVM Language Reference Manual - LLVM 3.9 documentation},
    howpublished = {\url{http://llvm.org/docs/LangRef.html}},
    month = {January},
    year = 2016
}

@Misc{crystal,
    title = {crystal: The Crystal Programming Language},
    howpublished = {\url{https://github.com/manastech/crystal}},
    month = {January},
    year = 2016
}

@Misc{swift-grammar,
    title = {The Swift Programming Language (Swift 2.1): Summary of the Grammar},
    howpublished = {\url{https://developer.apple.com/library/ios/documentation/Swift/Conceptual/Swift_Programming_Language/zzSummaryOfTheGrammar.html#//apple_ref/doc/uid/TP40014097-CH38-ID458}},
    month = {January},
    year = 2016
}

@Misc{haxe-overload,
    title = {Method Overloading - Google グループ},
    howpublished = {\url{https://groups.google.com/forum/#!topic/haxelang/feujdbvrrrQ}},
    month = {January},
    year = 2016
}

@Misc{ceylon-overload,
    title = {Ceylon: Language design Frequently Asked Questions},
    howpublished = {\url{http://ceylon-lang.org/documentation/faq/language-design/#overloading}},
    month = {January},
    year = 2016
}
