@Misc{dev-ml,
    title = {{[swift-dev] Bootstrapping Swift compiler}},
    howpublished = {\url{https://lists.swift.org/pipermail/swift-dev/2015-December/000004.html}},
    month = {December},
    year = 2015
}
