@Misc{gcc,
    title = {GNU Compiler Collection - Wikipedia, the free encyclopedia},
    howpublished = {\url{https://en.wikipedia.org/wiki/GNU_Compiler_Collection}},
    month = {January},
    year = 2016
}

@Misc{clang,
    title = {llvm-mirror/clang: Mirror of official clang git repository located at http://llvm.org/git/clang.},
    howpublished = {\url{https://en.wikipedia.org/wiki/GNU_Compiler_Collectio://github.com/llvm-mirror/clang}},
    month = {January},
    year = 2016
}

@Misc{vcpp,
    title = {Visual C++ - Wikipedia, the free encyclopedia},
    howpublished = {\url{https://en.wikipedia.org/wiki/Visual_C\%2B\%2B}},
    month = {January},
    year = 2016
}

@Misc{pypy,
    title = {PyPy - Wikipedia, the free encyclopedia},
    howpublished = {\url{https://en.wikipedia.org/wiki/PyPy}},
    month = {January},
    year = 2016
}

@Misc{roslyn,
    title = {.NET Compiler Platform - Wikipedia, the free encyclopedia},
    howpublished = {\url{https://en.wikipedia.org/wiki/.NET_Compiler_Platform}},
    month = {January},
    year = 2016
}

@Misc{free-pascal,
    title = {Free Pascal - Wikipedia, the free encyclopedia},
    howpublished = {\url{https://en.wikipedia.org/wiki/Free_Pascal}},
    month = {January},
    year = 2016
}

@Misc{gnat,
    title = {GNAT - Wikipedia, the free encyclopedia},
    howpublished = {\url{https://en.wikipedia.org/wiki/GNAT}},
    month = {January},
    year = 2016
}

@Misc{dmd,
    title = {D-Programming-Language/dmd: dmd D Programming Language compiler},
    howpublished = {\url{https://github.com/D-Programming-Language/dmd}},
    month = {January},
    year = 2016
}
