@Misc{elshoff,
    title = {Improving Computer Program Readability to Aid Modification},
    author = {James L. Elshoff and Michael Marcotty},
    journal = {Communications of the ACM 25.8},
    year = 1982,
    pages = {512-521}
}

@Misc{tiobe,
    title = {TIOBE Software: Tiobe Index},
    howpublished = {\url{http://www.tiobe.com/index.php/content/paperinfo/tpci/index.html}},
    month = {December},
    year = 2015
}

@Misc{swift-faq,
    title = {Frequently Asked Questions about Swift},
    howpublished = {\url{https://github.com/apple/swift/blob/2c7b0b22831159396fe0e98e5944e64a483c356e/www/FAQ.rst}},
    month = {December},
    year = 2015
}

@Misc{swift-org,
    title = {Welcome to Swift.org},
    howpublished = {\url{https://swift.org}},
    month = {December},
    year = 2015
}

@Misc{sil,
    title = {Swift Intermediate Language},
    author = {Joe Groff and Chris Lattner},
    howpublished = {\url{http://llvm.org/devmtg/2015-10/slides/GroffLattner-SILHighLevelIR.pdf}},
    month = {December},
    year = 2015
}

@Misc{antlr,
    title = {ANTLR: A Predicated-LL(k) Parser Generator},
    author = {T. J. Parr and R. W. Quong},
    journal = {Software: Practice and Experience 25.7},
    year = 1995,
    pages = {789-810}
}

@Misc{go-compiler-overhaul,
    title = {Go 1.3+ Compiler Overhaul},
    author = {Russ Cox},
    howpublished = {\url{https://docs.google.com/document/d/1P3BLR31VA8cvLJLfMibSuTdwTuF7WWLux71CYD0eeD8/edit}},
    month = {December},
    year = 2015
}

@Misc{go-bootstrap-plan,
    title = {Go 1.5 Bootstrap Plan},
    author = {Russ Cox},
    howpublished = {\url{https://docs.google.com/document/d/1OaatvGhEAq7VseQ9kkavxKNAfepWy2yhPUBs96FGV28/edit}},
    month = {December},
    year = 2015
}

@Misc{go-15-release,
    title = {Go 1.5 Release Notes},
    howpublished = {\url{https://golang.org/doc/go1.5#performance}},
    month = {December},
    year = 2015
}

@Misc{pypy-doc,
    title = {Goals and Architecture Overview — PyPy 4.0.0 documentation},
    howpublished = {\url{http://doc.pypy.org/en/latest/architecture.html}},
    month = {December},
    year = 2015
}

@Misc{rpython-doc,
    title = {Goals and Architecture Overview — RPython 4.0.0 documentation},
    howpublished = {\url{http://rpython.readthedocs.org/en/latest/architecture.html}},
    month = {December},
    year = 2015
}

@Misc{speed-pypy-org,
    title = {PyPy's Speed Center},
    howpublished = {\url{http://speed.pypy.org}},
    month = {December},
    year = 2015
}

@Misc{roslyn-doc,
    title = {.NET Compiler Platform ("Roslyn") - Documentation},
    howpublished = {\url{https://roslyn.codeplex.com/wikipage?title=Overview\&referringTitle=Documentation}},
    month = {December},
    year = 2015
}

@Misc{roslyn-cross-platform,
    title = {roslyn/cross-platform.md},
    howpublished = {\url{https://github.com/dotnet/roslyn/blob/master/docs/infrastructure/cross-platform.md}},
    month = {December},
    year = 2015
}

@Misc{roslyn-performance,
    title = {Roslyn performance (Matt Gertz) - The C\# Team},
    howpublished = {\url{http://blogs.msdn.com/b/csharpfaq/archive/2014/01/15/roslyn-performance-matt-gertz.aspx}},
    month = {December},
    year = 2015
}

@Misc{swift-grammar,
    title = {The Swift Programming Language (Swift 2.1): Summary of the Grammar},
    howpublished = {\url{https://developer.apple.com/library/ios/documentation/Swift/Conceptual/Swift_Programming_Language/zzSummaryOfTheGrammar.html#//apple_ref/doc/uid/TP40014097-CH38-ID458}},
    month = {December},
    year = 2015
}
