@Misc{rfc:l2tp,
	author = {W. Townsley and A. Valencia and A. Rubens and G. Pall and G. Zorn and B. Palter},
	title = {{Layer Two Tunneling Protocol "L2TP"}},
	howpublished = {RFC 2661, IETF},
	month = {August},
	year = {1999}
}

@Misc{cisco,
	title =		{{Cisco Systems, Inc}},
	howpublished =	{\url{http://www.cisco.com/}},
	month =		{December},
	year =		2012
}
@Misc{editnet,
	title =		{{EditNet, Inc}},
	howpublished =	{\url{http://www.edit.ne.jp/}},
	month =		{January},
	year =		2013
}
@Misc{kddiwebcom,
	title =		{{KDDI Web Communications, Inc}},
	howpublished =	{\url{http://www.kddi-webcommunications.co.jp}},
	month =		{January},
	year =		2013
}
@Misc{sakurainc,
	title =		{{SAKURA Internet, Inc}},
	howpublished =	{\url{http://www.sakura.ad.jp}},
	month =		{January},
	year =		2013
}
@Misc{cloudcore,
	title =		{{CloudCore VPS Service}},
	howpublished =	{\url{http://www.cloudcore.jp/vps/}},
	month =		{January},
	year =		2013
}
@Misc{enflets,
	title =		{{EditNet Flets Internet Connection Service}},
	howpublished =	{\url{http://www.editnet.ad.jp/services/flets.htm}},
	month =		{January},
	year =		2013
}
@Misc{enbb,
	title =		{{EditNet Operation Information}},
	howpublished =	{\url{http://intereddy.edit.ne.jp/disclosure-detail.php}},
	month =		{January},
	year =		2013
}
@Misc{nttflets,
	title =		{{Flets Next Internet Connection Service}},
	howpublished =	{\url{http://flets.com/next/}},
	month =		{January},
	year =		2013
}
@Misc{vmware,
	title =		{{VMware, Inc}},
	howpublished =	{\url{http://www.vmware.com/}},
	month =		{December},
	year =		2012
}

@Misc{rfc:gre,
	author = {D. Farinacci and T. Li and S. Hanks and D. Meyer and P. Traina},
	title = {{Generic Routing Encapsulation (GRE)}},
	howpublished = {RFC 2784, IETF},
	month = {March},
	year = {2000}
}

@Misc{rfc:xcast,
	author = {R. Boivie and N. Feldman and Y. Imai and W. Livens and D. Ooms},
	title = {{Explicit Multicast (Xcast) Concepts and Options}},
	howpublished = {RFC 5058, IETF},
	month = {November},
	year = {2007}
}

@Misc{rfc:tcp,
	author = {Information Sciences Institute},
	title = {{TRANSMISSION CONTROL PROTOCOL}},
	howpublished = {RFC 793, IETF},
	month = {September},
	year = {1981}
}

@Misc{id:vxlan,
	author = {M. Mahalingam and D. Dutt and K. Duda and P. Agarwal and L. Kreeger and T. Sridhar and M. Bursell and C. Wright},
	title = {{VXLAN: A Framework for Overlaying Virtualized Layer 2 Networks over Layer 3 Networks}},
	howpublished = {Internet Draft, IETF},
	month = {August},
	year = {2012}
}

@Article{scattercast,
	title =		{{Scattercast: an adaptable broadcast distribution framework}},
	author =	{Yatin Chawathe},
	journal =	{Multimedia Systems},
	month =		{July},
	year = 		2003,
	pages = 	{104-118}
}

@Misc{ntop,
	title =		{{ntop}},
	howpublished =	{\url{http://www.ntop.com/}},
	month =		{December},
	year =		2012
}

@inproceedings{n2n,
	title =		{{N2N: A Layer Two Peer-to-Peer VPN}},
	author =	{Luca Deri and Richard Andrews},
	booktitle =	{Proceedings of the 2nd international conference on Autonomous Infrastructure, Management and Security: Resilient Networks and Services},
	series = {AIMS '08},
	year = 		2008,
	pages = 	{53-64}
}

@Misc{bonnieplusplus,
	title =		{{Bonnie++: Disk and File System Performance Benchmark Utility}},
	howpublished =	{\url{http://www.coker.com.au/bonnie++/}},
	month =		{January},
	year =		2013
}
@Misc{kvm,
	title =		{{Kernel-based Virtual Machine}},
	howpublished =	{\url{http://www.linux-kvm.org/page/Main_Page}},
	month =		{January},
	year =		2013
}
@Misc{linuxkernel,
	title =		{{The Linux Kernel Archives}},
	howpublished =	{\url{http://kernel.org/}},
	month =		{January},
	year =		2013
}
@Misc{tc,
	title =		{{Linux Advanced Routing \& Traffic Control}},
	howpublished =	{\url{http://lartc.org/}},
	month =		{January},
	year =		2013
}
